<record><leader>00000cas a22000007a 4500</leader><controlfield tag="001">16952481</controlfield><controlfield tag="008">871107d19101925iauwr ne      0    0eng d</controlfield><datafield ind1=" " ind2=" " tag="010"><subfield code="a">sn 87057972 </subfield></datafield><datafield ind1=" " ind2=" " tag="040"><subfield code="a">INP</subfield><subfield code="b">eng</subfield><subfield code="c">INP</subfield><subfield code="d">OCLCQ</subfield></datafield><datafield ind1=" " ind2=" " tag="042"><subfield code="a">msc</subfield></datafield><datafield ind1="0" ind2=" " tag="130"><subfield code="a">Braddyville enterprise (Braddyville, Iowa : 1910)</subfield></datafield><datafield ind1="1" ind2="4" tag="245"><subfield code="a">The Braddyville enterprise.</subfield></datafield><datafield ind1=" " ind2=" " tag="260"><subfield code="a">Braddyville, Iowa :</subfield><subfield code="b">P.B. Wilson</subfield></datafield><datafield ind1=" " ind2=" " tag="300"><subfield code="a">v.</subfield></datafield><datafield ind1=" " ind2=" " tag="310"><subfield code="a">Weekly</subfield></datafield><datafield ind1="1" ind2=" " tag="362"><subfield code="a">Issued 1910-1925?</subfield></datafield><datafield ind1=" " ind2=" " tag="588"><subfield code="a">Description based on: Vol. 3, no. 2 (Oct. 17, 1912).</subfield></datafield><datafield ind1=" " ind2=" " tag="752"><subfield code="a">United States</subfield><subfield code="b">Iowa</subfield><subfield code="c">Page</subfield><subfield code="d">Braddyville.</subfield></datafield></record>